<?xml version="1.0" encoding="UTF-8"?>
<record>
  <leader>01469ncm a2200409 c 4500</leader>
  <controlfield tag="003">DE-605</controlfield>
  <controlfield tag="005">20230803142236.0</controlfield>
  <controlfield tag="007">qu</controlfield>
  <controlfield tag="008">160111|1984    au uuau             zxx c</controlfield>
  <controlfield tag="001">990210237770206441</controlfield>
  <datafield tag="020" ind1=" " ind2=" ">
    <subfield code="a">9783702410223</subfield>
    <subfield code="9">978-3-7024-1022-3</subfield>
  </datafield>
  <datafield tag="024" ind1="2" ind2=" ">
    <subfield code="z">9790008028298</subfield>
  </datafield>
  <datafield tag="024" ind1="1" ind2=" ">
    <subfield code="a">803452007838</subfield>
  </datafield>
  <datafield tag="028" ind1="2" ind2="2">
    <subfield code="a">UE 18 105</subfield>
  </datafield>
  <datafield tag="035" ind1=" " ind2=" ">
    <subfield code="a">(DE-605)HT018853619</subfield>
  </datafield>
  <datafield tag="040" ind1=" " ind2=" ">
    <subfield code="a">1972</subfield>
    <subfield code="b">ger</subfield>
    <subfield code="c">DE-605</subfield>
    <subfield code="d">1156</subfield>
    <subfield code="d">DE-605</subfield>
    <subfield code="e">rda</subfield>
  </datafield>
  <datafield tag="041" ind1=" " ind2=" ">
    <subfield code="a">zxx</subfield>
    <subfield code="a">ger</subfield>
  </datafield>
  <datafield tag="044" ind1=" " ind2=" ">
    <subfield code="c">XA-AT</subfield>
  </datafield>
  <datafield tag="100" ind1="1" ind2=" ">
    <subfield code="a">Mahler, Gustav</subfield>
    <subfield code="d">1860-1911</subfield>
    <subfield code="0">(DE-588)118576291</subfield>
    <subfield code="4">cmp</subfield>
  </datafield>
  <datafield tag="240" ind1="1" ind2="0">
    <subfield code="a">Lieder aus letzter Zeit</subfield>
    <subfield code="p">Rückert-Lieder</subfield>
    <subfield code="p">Ich bin der Welt abhanden gekommen</subfield>
    <subfield code="0">(DE-588)4777353-4</subfield>
    <subfield code="o">arrangiert</subfield>
  </datafield>
  <datafield tag="245" ind1="1" ind2="0">
    <subfield code="a">Ich bin der Welt abhanden gekommen</subfield>
    <subfield code="b">für 16 Stimmen : (1983)</subfield>
    <subfield code="c">Gustav Mahler ; (Friedrich Rückert) ; bearbeitet von Clytus Gottwald</subfield>
  </datafield>
  <datafield tag="264" ind1=" " ind2="1">
    <subfield code="a">Vienna ; London ; New York</subfield>
    <subfield code="b">Universal Edition</subfield>
    <subfield code="c">[1984]</subfield>
  </datafield>
  <datafield tag="264" ind1=" " ind2="4">
    <subfield code="c">© 1984</subfield>
  </datafield>
  <datafield tag="300" ind1=" " ind2=" ">
    <subfield code="a">1 Partitur (12 Seiten)</subfield>
  </datafield>
  <datafield tag="336" ind1=" " ind2=" ">
    <subfield code="b">ntm</subfield>
  </datafield>
  <datafield tag="336" ind1=" " ind2=" ">
    <subfield code="b">txt</subfield>
  </datafield>
  <datafield tag="337" ind1=" " ind2=" ">
    <subfield code="b">n</subfield>
  </datafield>
  <datafield tag="338" ind1=" " ind2=" ">
    <subfield code="b">nc</subfield>
  </datafield>
  <datafield tag="348" ind1=" " ind2=" ">
    <subfield code="a">Partitur</subfield>
    <subfield code="0">(DE-588)4173447-6</subfield>
    <subfield code="2">gnd-music</subfield>
  </datafield>
  <datafield tag="035" ind1=" " ind2=" ">
    <subfield code="a">(DE-599)HBZHT018853619</subfield>
  </datafield>
  <datafield tag="964" ind1="0" ind2="s">
    <subfield code="F">051</subfield>
    <subfield code="A">mm||||||</subfield>
  </datafield>
  <datafield tag="964" ind1="0" ind2="i">
    <subfield code="I">marc-FMT via MAB2MARC</subfield>
    <subfield code="F">FMT</subfield>
    <subfield code="A">MU</subfield>
  </datafield>
  <datafield tag="964" ind1="0" ind2="s">
    <subfield code="F">030</subfield>
    <subfield code="A">a|1ur||||||17</subfield>
  </datafield>
  <datafield tag="964" ind1="0" ind2="s">
    <subfield code="F">050</subfield>
    <subfield code="A">a|||||||||||||</subfield>
  </datafield>
  <datafield tag="700" ind1="1" ind2=" ">
    <subfield code="a">Rückert, Friedrich</subfield>
    <subfield code="d">1788-1866</subfield>
    <subfield code="0">(DE-588)118603817</subfield>
    <subfield code="4">lyr</subfield>
  </datafield>
  <datafield tag="700" ind1="1" ind2=" ">
    <subfield code="a">Gottwald, Clytus</subfield>
    <subfield code="d">1925-2023</subfield>
    <subfield code="0">(DE-588)118917439</subfield>
    <subfield code="4">arr</subfield>
  </datafield>
  <datafield tag="500" ind1=" " ind2=" ">
    <subfield code="a">Hier auch später erschienene, unveränderte Nachdrucke</subfield>
  </datafield>
  <datafield tag="MBD" ind1=" " ind2=" ">
    <subfield code="M">49HBZ_NETWORK</subfield>
    <subfield code="i">990210237770206441</subfield>
    <subfield code="n">HBZ Network</subfield>
  </datafield>
  <datafield tag="MNG" ind1=" " ind2=" ">
    <subfield code="c">System</subfield>
    <subfield code="f">HBZ</subfield>
    <subfield code="i">marc21</subfield>
    <subfield code="h">20230120234500.0</subfield>
    <subfield code="k">01</subfield>
    <subfield code="e">false</subfield>
    <subfield code="d">2023-08-14 05:09:43 Europe/Berlin</subfield>
    <subfield code="g">021023777-HBZ01</subfield>
    <subfield code="j">50</subfield>
    <subfield code="a">import</subfield>
    <subfield code="b">2021-04-05 15:38:15 Europe/Berlin</subfield>
  </datafield>
</record>
